@misc{octave,
  author="https://www.gnu.org",
  title="{GNU Octave}",
  note="Dostupné online, https://www.gnu.org/software/octave/"
}
@misc{octavedocaudiodataprocessing,
  author="https://www.gnu.org",
  title="{Audio Data Processing}",
  note="Dostupné online, https://www.gnu.org/software/octave/doc/v4.0.0/Audio-Data-Processing.html"
}
